@article{Kapitanyuk2014GeometricSets,
    title = {{Geometric path following control of a rigid body based on the stabilization of sets}},
    year = {2014},
    journal = {IFAC Proceedings Volumes},
    author = {Kapitanyuk, Yuri A and Chepinskiy, Sergey A and Kapitonov, Aleksandr A},
    number = {3},
    pages = {7342--7347},
    volume = {47},
    publisher = {Elsevier}
}

@inproceedings{Aranovskiy2014RobustProcessing,
    title = {{Robust control of rapid thermal processes applied to vapor deposition processing}},
    year = {2014},
    booktitle = {Ultra Modern Telecommunications and Control Systems and Workshops (ICUMT), 2014 6th International Congress on},
    author = {Aranovskiy, Stanislav and Kapitonov, Aleksandr and Bobtsov, Alexey and Pyrkin, Anton and Zavarin, Evgeny and Davydov, Denis and Ortega, Romeo},
    pages = {578--583}
}

@article{Bobtsov2011UsingTheory,
    title = {{Using of lego mindstorms nxt technology for teaching of basics of adaptive control theory}},
    year = {2011},
    journal = {IFAC Proceedings Volumes},
    author = {Bobtsov, Alexey A and Pyrkin, Anton A and Kolyubin, Sergey A and Shavetov, Sergey V and Chepinskiy, Sergey A and Kapitanyuk, Yuriy A and Kapitonov, Alexander A and Bardov, Vladimir M and Titov, Anton V and Surov, Maxim O},
    number = {1},
    pages = {9818--9823},
    volume = {44},
    publisher = {Elsevier}
}

@article{Bobtsov2010ControlUnaccounted-dynamics,
    title = {{Control over the output of nonlinear systems with unaccounted-dynamics}},
    year = {2010},
    journal = {Automation and Remote Control},
    author = {Bobtsov, Alexey Alekseevich and Kapitonov, A A and Nikolaev, Nikolai Anatol'evich},
    number = {12},
    pages = {2497--2504},
    volume = {71},
    publisher = {SP MAIK Nauka/Interperiodica}
}

@article{Kapitonov2014CourseNxt,
    title = {{Course of lab activities on control theory based on the lego nxt}},
    year = {2014},
    journal = {IFAC Proceedings Volumes},
    author = {Kapitonov, Alexander A and Bobtsov, Alexey A and Kapitanyuk, Yuri A and Sysolyatin, Dmitry S and Antonov, Evgeniy S and Pyrkin, Anton A and Chepinskiy, Sergey A},
    number = {3},
    pages = {9063--9068},
    volume = {47},
    publisher = {Elsevier}
}

@inproceedings{Dobriborsci2017ApplicationTheory,
    title = {{Application of the Stewart platform for studying in control theory}},
    year = {2017},
    booktitle = {Information and Digital Technologies (IDT), 2017 International Conference on},
    author = {Dobriborsci, Dmitrii and Kapitonov, Aleksandr and Nikolaev, Nikolay},
    pages = {95--99}
}

@inproceedings{Dobriborsci2017TheRobots,
    title = {{The basics of the identification, localization and navigation for mobile robots}},
    year = {2017},
    booktitle = {Information and Digital Technologies (IDT), 2017 International Conference on},
    author = {Dobriborsci, Dmitrii and Kapitonov, Aleksandr and Nikolaev, Nikolay},
    pages = {100--105}
}

@inproceedings{Kapitonov2017Blockchain-basedUAVs,
    title = {{Blockchain-based protocol of autonomous business activity for multi-agent systems consisting of UAVs}},
    year = {2017},
    booktitle = {Research, Education and Development of Unmanned Aerial Systems (RED-UAS), 2017 Workshop on},
    author = {Kapitonov, Aleksandr and Lonshakov, Sergey and Krupenkin, Aleksandr and Berman, Ivan},
    pages = {84--89}
}

@inproceedings{Ali2016Blockstack:Blockchains,
    title = {{Blockstack: A global naming and storage system secured by blockchains}},
    year = {2016},
    booktitle = {2016 USENIX Annual Technical Conference (USENIX ATC 16)},
    author = {Ali, Muneeb and Nelson, Jude and Shea, Ryan and Freedman, Michael J},
    pages = {181--194}
}

@phdthesis{Barnas2016BlockchainsWorld.,
    title = {{Blockchains in national defence: trustworthy systems in a trustless world.}},
    year = {2016},
    author = {Barnas, Neil B},
    school = {AIR UNIVERSITY}
}

@article{Nugent2016ImprovingContracts,
    title = {{Improving data transparency in clinical trials using blockchain smart contracts}},
    year = {2016},
    journal = {F1000Research},
    author = {Nugent, Timothy and Upton, David and Cimpoesu, Mihai},
    number = {2541},
    volume = {5}
}

@inproceedings{DeGennaro2006DecentralizedSystems,
    title = {{Decentralized control of connectivity for multi-agent systems}},
    year = {2006},
    booktitle = {Decision and Control, 2006 45th IEEE Conference on},
    author = {De Gennaro, Maria Carmela and Jadbabaie, Ali},
    pages = {3628--3633}
}

@incollection{Peters2016UnderstandingMoney,
    title = {{Understanding Modern Banking Ledgers through Blockchain Technologies: Future of Transaction Processing and Smart Contracts on the Internet of Money}},
    year = {2016},
    booktitle = {Banking Beyond Banks and Money},
    author = {Peters, Gareth W and Panayi, Efstathios},
    pages = {239--278},
    publisher = {Springer}
}

@incollection{Pitt2000CommunicationArchitecture,
    title = {{Communication protocols in multi-agent systems: a development method and reference architecture}},
    year = {2000},
    booktitle = {Issues in agent communication},
    author = {Pitt, Jeremy and Mamdani, Abe},
    pages = {160--177},
    publisher = {Springer}
}

@book{Swan2015Blockchain:Economy,
    title = {{Blockchain: Blueprint for a new economy}},
    year = {2015},
    author = {Swan, Melanie},
    publisher = {O'Reilly Media, Inc.}
}

@article{Wood2014Ethereum:Ledger,
    title = {{Ethereum: A secure decentralised generalised transaction ledger}},
    year = {2014},
    journal = {Ethereum Project Yellow Paper},
    author = {Wood, Gavin},
    volume = {151}
}

@inproceedings{Xu2016TheConnector,
    title = {{The blockchain as a software connector}},
    year = {2016},
    booktitle = {Software Architecture (WICSA), 2016 13th Working IEEE/IFIP Conference on},
    author = {Xu, Xiwei and Pautasso, Cesare and Zhu, Liming and Gramoli, Vincent and Ponomarev, Alexander and Tran, An Binh and Chen, Shiping},
    pages = {182--191}
}

@article{Lee2015ASystems,
    title = {{A cyber-physical systems architecture for industry 4.0-based manufacturing systems}},
    year = {2015},
    journal = {Manufacturing Letters},
    author = {Lee, Jay and Bagheri, Behrad and Kao, Hung-An},
    pages = {18--23},
    volume = {3},
    publisher = {Elsevier}
}

@article{Wang2016TowardsCoordination,
    title = {{Towards smart factory for Industry 4.0: A self-organized multi-agent system with big data based feedback and coordination}},
    year = {2016},
    journal = {Computer Networks},
    author = {Wang, Shiyong and Wan, Jiafu and Zhang, Daqiang and Li, Di and Zhang, Chunhua},
    pages = {158--168},
    volume = {101},
    publisher = {Elsevier}
}

@article{Farahani2014CompetitiveApplications,
    title = {{Competitive supply chain network design: An overview of classifications, models, solution techniques and applications}},
    year = {2014},
    journal = {Omega},
    author = {Farahani, Reza Zanjirani and Rezapour, Shabnam and Drezner, Tammy and Fallah, Samira},
    pages = {92--118},
    volume = {45},
    publisher = {Elsevier}
}

@article{Freeman2015WhoWorld,
    title = {{Who owns the robots rules the world}},
    year = {2015},
    journal = {IZA World of Labor},
    author = {Freeman, Richard B}
}

@article{Coria2014IntelligentSystems,
    title = {{Intelligent business processes composition based on multi-agent systems}},
    year = {2014},
    journal = {Expert Systems with Applications},
    author = {Coria, José A Garc\'\ia and Castellanos-Garz{\'{o}}n, José A and Corchado, Juan M},
    number = {4},
    pages = {1189--1205},
    volume = {41},
    publisher = {Elsevier}
}

@article{Montgomery2015EmergingLike,
    title = {{Emerging tech will drive next generation of supply chain success: with robots, drones and holographic glasses now commercially available, what will the next generation of the logistics workforce look like?}},
    year = {2015},
    journal = {Supplychainbrain},
    author = {Montgomery, Kristi}
}

@article{Boyson2014CyberSystems,
    title = {{Cyber supply chain risk management: Revolutionizing the strategic control of critical IT systems}},
    year = {2014},
    journal = {Technovation},
    author = {Boyson, Sandor},
    number = {7},
    pages = {342--353},
    volume = {34},
    publisher = {Elsevier}
}

@book{Monczka2015PurchasingManagement,
    title = {{Purchasing and supply chain management}},
    year = {2015},
    author = {Monczka, Robert M and Handfield, Robert B and Giunipero, Larry C and Patterson, James L},
    publisher = {Cengage Learning}
}

@article{Schmitt2015CentralizationDisruptions,
    title = {{Centralization versus decentralization: risk pooling, risk diversification, and supply chain disruptions}},
    year = {2015},
    journal = {Omega},
    author = {Schmitt, Amanda J and Sun, Siyuan Anthony and Snyder, Lawrence V and Shen, Zuo-Jun Max},
    pages = {201--212},
    volume = {52},
    publisher = {Elsevier}
}

@inproceedings{Norta2015CreationOrganizations,
    title = {{Creation of smart-contracting collaborations for decentralized autonomous organizations}},
    year = {2015},
    booktitle = {International Conference on Business Informatics Research},
    author = {Norta, Alex},
    pages = {3--17}
}

@article{Floridi2017RobotsResponsibilities,
    title = {{Robots, Jobs, Taxes, and Responsibilities}},
    year = {2017},
    journal = {Philosophy {\&} Technology},
    author = {Floridi, Luciano},
    number = {1},
    pages = {1--4},
    volume = {30},
    publisher = {Springer}
}

@inproceedings{Karame2016OnBlockchain,
    title = {{On the Security and Scalability of Bitcoin's Blockchain}},
    year = {2016},
    booktitle = {Proceedings of the 2016 ACM SIGSAC Conference on Computer and Communications Security},
    author = {Karame, Ghassan},
    pages = {1861--1862}
}

@inproceedings{Swan2015BlockchainOrganization,
    title = {{Blockchain thinking: The brain as a dac (decentralized autonomous organization)}},
    year = {2015},
    booktitle = {Texas Bitcoin Conference},
    author = {Swan, Melanie},
    pages = {27--29}
}

@misc{Buterin2014AnFutarchy,
    title = {{An Introduction to Futarchy}},
    year = {2014},
    booktitle = {Ethereum Blog},
    author = {Buterin, Vitalik},
    url = {https://blog.ethereum.org/2014/08/21/introduction-futarchy/}
}

@misc{AIRAProject,
    title = {{AIRA - Autonomous intelligent robot agent project}},
    url = {http://aira.life/}
}

@misc{Lonshakov2015DronePlatform.,
    title = {{Drone employee: an example of realizing the Internet of things on the Ethereum network platform.}},
    year = {2015},
    booktitle = {EnsRationis.com},
    author = {Lonshakov, Sergey},
    url = {http://ensrationis.com/drone-employee-iot-ethereum/}
}

@misc{Lonshakov2016DroneStreaming,
    title = {{Drone Employee video streaming}},
    year = {2016},
    booktitle = {EnsRationis.com},
    author = {Lonshakov, Sergey},
    url = {http://ensrationis.com/drone-employee-video-streaming/}
}

@misc{DroneDrones,
    title = {{Drone Employee: we help businesses hire drones}},
    url = {http://drone-employee.com/}
}

@misc{Buterin2015LightStake,
    title = {{Light Clients and Proof of Stake}},
    year = {2015},
    booktitle = {Ethereum Blog},
    author = {Buterin, Vitalik},
    url = {https://blog.ethereum.org/2015/01/10/light-clients-proof-stake/}
}

@inproceedings{Lee2008CyberChallenges,
    title = {{Cyber physical systems: Design challenges}},
    year = {2008},
    booktitle = {Object Oriented Real-Time Distributed Computing (ISORC), 2008 11th IEEE International Symposium on},
    author = {Lee, Edward A},
    pages = {363--369}
}

@inproceedings{Muller2014ApplicationSurvey,
    title = {{Application impact of multi-agent systems and technologies: a survey}},
    year = {2014},
    booktitle = {Agent-oriented software engineering},
    author = {M{\"{u}}ller, Jörg P and Fischer, Klaus},
    pages = {27--53}
}

@article{Yang2013DevelopmentBehaviors,
    title = {{Development of multi-agent system for building energy and comfort management based on occupant behaviors}},
    year = {2013},
    journal = {Energy and Buildings},
    author = {Yang, Rui and Wang, Lingfeng},
    pages = {1--7},
    volume = {56},
    publisher = {Elsevier}
}

@article{Bielskis2015ModellingDisabilities,
    title = {{Modelling of intelligent multi-agent based e-health care system for people with movement disabilities}},
    year = {2015},
    journal = {Elektronika ir elektrotechnika},
    author = {Bielskis, A A and Denisovas, V and Drungilas, D and Gricius, G and Rama{\v{s}}auskas, O},
    number = {6},
    pages = {37--42},
    volume = {86}
}

@inproceedings{Gioioso2014TheTele-manipulation,
    title = {{The flying hand: A formation of UAVs for cooperative aerial tele-manipulation}},
    year = {2014},
    booktitle = {Robotics and Automation (ICRA), 2014 IEEE International Conference on},
    author = {Gioioso, Guido and Franchi, Antonio and Salvietti, Gionata and Scheggi, Stefano and Prattichizzo, Domenico},
    pages = {4335--4341}
}

@misc{Garcia-Banuelos2016OptimizedBlockchain,
    title = {{Optimized Execution of Business Processes on Blockchain}},
    year = {2016},
    booktitle = {CoRR},
    author = {Garc{\textbackslash}'{\{}{\textbackslash}i{\}}a-Ba{\~{n}}uelos, Luciano and Ponomarev, Alexander and Dumas, Marlon and Weber, Ingo},
    volume = {abs/1612.03152},
    url = {http://arxiv.org/abs/1612.03152}
}

@article{Lin2017AChallenges.,
    title = {{A Survey of Blockchain Security Issues and Challenges.}},
    year = {2017},
    journal = {IJ Network Security},
    author = {Lin, Iuon-Chang and Liao, Tzu-Chun},
    number = {5},
    pages = {653--659},
    volume = {19}
}

@misc{Ferrer2016TheSystems,
    title = {{The blockchain: a new framework for robotic swarm systems}},
    year = {2016},
    booktitle = {CoRR},
    author = {Ferrer, Eduardo Castelló},
    volume = {abs/1608.00695},
    url = {http://arxiv.org/abs/1608.00695}
}

@inproceedings{Frantz2016FromContracts,
    title = {{From institutions to code: Towards automated generation of smart contracts}},
    year = {2016},
    booktitle = {Foundations and Applications of Self* Systems, IEEE International Workshops on},
    author = {Frantz, Christopher K and Nowostawski, Mariusz},
    pages = {210--215}
}

@article{Bijani2014ASystems,
    title = {{A review of attacks and security approaches in open multi-agent systems}},
    year = {2014},
    journal = {Artificial Intelligence Review},
    author = {Bijani, Shahriar and Robertson, David},
    number = {4},
    pages = {607--636},
    volume = {42},
    publisher = {Springer}
}

@inproceedings{Weber2016UntrustedBlockchain,
    title = {{Untrusted business process monitoring and execution using blockchain}},
    year = {2016},
    booktitle = {International Conference on Business Process Management},
    author = {Weber, Ingo and Xu, Xiwei and Riveret, Régis and Governatori, Guido and Ponomarev, Alexander and Mendling, Jan},
    pages = {329--347}
}

@misc{AIRAExperiments,
    title = {{AIRA - Factory of experiments}},
    url = {http://aira.life/cases/}
}

@misc{AiralabService,
    title = {{Airalab - Duckietown taxi service}},
    url = {https://blog.aira.life/duckietown-taxi-service-db192f4ff6cc}
}

@article{Buterin2014EthereumPlatform,
    title = {{Ethereum White Paper: A Next Generation Smart Contract {\&} Decentralized Application Platform}},
    year = {2014},
    journal = {Etherum},
    author = {{Buterin Vitalik}},
    isbn = {4082821600}
}

@article{Wood2014Ethereum:Ledgerb,
    title = {{Ethereum: a secure decentralised generalised transaction ledger}},
    year = {2014},
    journal = {Ethereum Project Yellow Paper},
    author = {Wood, Gavin},
    isbn = {9788578110796},
    doi = {10.1017/CBO9781107415324.004},
    issn = {1098-6596},
    pmid = {25246403},
    arxivId = {arXiv:1011.1669v3}
}

@article{Pedersen2016RobotDeployment,
    title = {{Robot skills for manufacturing: From concept to industrial deployment}},
    year = {2016},
    journal = {Robotics and Computer-Integrated Manufacturing},
    author = {Pedersen, Mikkel Rath and Nalpantidis, Lazaros and Andersen, Rasmus Skovgaard and Schou, Casper and B{\o}gh, Simon and Kr{\"{u}}ger, Volker and Madsen, Ole},
    isbn = {0736-5845},
    doi = {10.1016/j.rcim.2015.04.002},
    issn = {07365845},
    keywords = {Automated production, Human-Robot interaction, Industrial robots, Mass customization, Robot skills}
}

@inproceedings{Stock2016Opportunities4.0,
    title = {{Opportunities of Sustainable Manufacturing in Industry 4.0}},
    year = {2016},
    booktitle = {Procedia CIRP},
    author = {Stock, T. and Seliger, G.},
    isbn = {22128271 (ISSN)},
    doi = {10.1016/j.procir.2016.01.129},
    issn = {22128271},
    keywords = {Factory, Industry 4.0, Sustainable development}
}

@inproceedings{Zhilenkov2017AssessmentObjects,
    title = {{Assessment of destabilizing factor for automatic control systems in propulsion systems of mechatronic and maritime transport objects}},
    year = {2017},
    booktitle = {IOP Conference Series: Earth and Environmental Science},
    author = {Zhilenkov, A.A. and Kapitonov, A.A.},
    number = {8},
    volume = {87},
    doi = {10.1088/1755-1315/87/8/082059},
    issn = {17551315}
}

@inproceedings{Zhilenkov2017TheData,
    title = {{The Synthesis of Precise Rotating Machine Mathematical Model, Operating Natural Signals and Virtual Data}},
    year = {2017},
    booktitle = {IOP Conference Series: Materials Science and Engineering},
    author = {Zhilenkov, A.A. and Kapitonov, A.A.},
    number = {1},
    volume = {221},
    doi = {10.1088/1755-1315/221/1/012003},
    issn = {1757899X}
}

@inproceedings{Dobriborsci2017ApplicationTheoryb,
    title = {{Application of the Stewart platform for studying in control theory}},
    year = {2017},
    booktitle = {Proceedings of the International Conference on Information and Digital Technologies, IDT 2017},
    author = {Dobriborsci, D. and Kapitonov, A. and Nikolaev, N.},
    number = {},
    volume = {},
    isbn = {9781509056880},
    doi = {10.1109/DT.2017.8024278}
}

@inproceedings{Kapitanyuk2014GeometricSetsb,
    title = {{Geometric path following control of a rigid body based on the stabilization of sets}},
    year = {2014},
    booktitle = {IFAC Proceedings Volumes (IFAC-PapersOnline)},
    author = {Kapitanyuk, Y.A. and Chepinskiy, S.A. and Kapitonov, A.A.},
    number = {},
    volume = {19},
    isbn = {9783902823625},
    issn = {14746670},
    keywords = {Coordinates transformation, Nonlinear systems, Path following, Rigid body, Set stabilisation}
}

@inproceedings{Dobriborsci2017TheRobotsb,
    title = {{The basics of the identification, localization and navigation for mobile robots}},
    year = {2017},
    booktitle = {Proceedings of the International Conference on Information and Digital Technologies, IDT 2017},
    author = {Dobriborsci, D. and Kapitonov, A. and Nikolaev, N.},
    number = {},
    volume = {},
    isbn = {9781509056880},
    doi = {10.1109/DT.2017.8024279}
}

@inproceedings{Bobtsov2014OutputDynamics,
    title = {{Output control of nonlinear systems with unmodelled dynamics}},
    year = {2014},
    booktitle = {IFAC Proceedings Volumes (IFAC-PapersOnline)},
    author = {Bobtsov, A.A. and Kolyubin, S.A. and Pyrkin, A.A. and Kapitonov, A.A. and Nikolaev, N.A.},
    number = {},
    volume = {19},
    isbn = {9783902823625},
    issn = {14746670},
    keywords = {Control laws, Feedback control, Nonlinear systems, Singular perturbations, Stability}
}

@inproceedings{Aranovskiy2015RobustProcessing,
    title = {{Robust control of rapid thermal processes applied to vapor deposition processing}},
    year = {2015},
    booktitle = {International Congress on Ultra Modern Telecommunications and Control Systems and Workshops},
    author = {Aranovskiy, S. and Kapitonov, A. and Bobtsov, A. and Pyrkin, A. and Zavarin, E. and Davydov, D. and Ortega, R.},
    number = {January},
    volume = {2015-Janua},
    doi = {10.1109/ICUMT.2014.7002165},
    issn = {2157023X}
}

@inproceedings{Kapitonov2014CourseNXTb,
    title = {{Course of lab activities on control theory based on the Lego NXT}},
    year = {2014},
    booktitle = {IFAC Proceedings Volumes (IFAC-PapersOnline)},
    author = {Kapitonov, A.A. and Bobtsov, A.A. and Kapitanyuk, Y.A. and Sysolyatin, D.S. and Antonov, E.S. and Pyrkin, A.A. and Chepinskiy, S.A.},
    number = {},
    volume = {19},
    isbn = {9783902823625},
    issn = {14746670},
    keywords = {Ackermann's formula, LEGO mindstorms NXT, Mobile robots, Modal control, Ziegler-Nichols' ultimate gain method}
}

@inproceedings{Pyrkin2011OutputDisturbance,
    title = {{Output control approach "consecutive compensator" providing exponential and L<inf>∞</inf>-stability for nonlinear systems with delay and disturbance}},
    year = {2011},
    booktitle = {Proceedings of the IEEE International Conference on Control Applications},
    author = {Pyrkin, A.A. and Bobtsov, A.A. and Kolyubin, S.A. and Faronov, M.V. and Shavetov, S.V. and Kapitanyuk, Y.A. and Kapitonov, A.A.},
    number = {},
    volume = {},
    isbn = {9781457710629},
    doi = {10.1109/CCA.2011.6044373}
}

@inproceedings{Bobtsov2011UsingTheoryb,
    title = {{Using of LEGO Mindstorms NXT Technology for teaching of basics of adaptive control theory}},
    year = {2011},
    booktitle = {IFAC Proceedings Volumes (IFAC-PapersOnline)},
    author = {Bobtsov, A.A. and Pyrkin, A.A. and Kolyubin, S.A. and Shavetov, S.V. and Chepinskiy, S.A. and Kapitanyuk, Y.A. and Kapitonov, A.A. and Bardov, V.M. and Titov, A.V. and Surov, M.O.},
    number = {PART 1},
    volume = {18},
    isbn = {9783902661937},
    doi = {10.3182/20110828-6-IT-1002.02364},
    issn = {14746670},
    keywords = {Adaptive and robust control, Cognitive aspects of automation systems and humans, Lego Mindstorm NXT, Management of competences and knowledge, Mobile robots, Teaching curricula developments for control and ot}
}

@inproceedings{Bobtsov2012LegoField,
    title = {{Lego Mindstorms NXT for students' research projects in control field}},
    year = {2012},
    booktitle = {IFAC Proceedings Volumes (IFAC-PapersOnline)},
    author = {Bobtsov, A.A. and Pyrkin, A.A. and Kolyubin, S.A. and Kapitonov, A.A. and Feskov, A.D. and Vlasov, S.M. and Krasnov, A.Y. and Khovanskiy, A.V. and Shavetov, S.V.},
    number = {PART 1},
    volume = {9},
    isbn = {9783902823014},
    doi = {10.3182/20120619-3-RU-2024.00051},
    issn = {14746670},
    keywords = {Adaptive control, Control education, Lego Mindstorm NXT, Management of competences and knowledge, Mobile robots, Teaching curricula development}
}

@article{Kang2016SmartDirections,
    title = {{Smart manufacturing: Past research, present findings, and future directions}},
    year = {2016},
    journal = {International Journal of Precision Engineering and Manufacturing - Green Technology},
    author = {Kang, Hyoung Seok and Lee, Ju Yeon and Choi, Sangsu and Kim, Hyun and Park, Jun Hee and Son, Ji Yeon and Kim, Bo Hyun and Noh, Sang Do},
    isbn = {2288-6206},
    doi = {10.1007/s40684-016-0015-5},
    issn = {21980810},
    keywords = {Big Data, Cyber-Physical System, Industry 4.0, Internet of Things, Smart Factory, Smart Manufacturing}
}

@article{Jazdi2014Cyber4.0,
    title = {{Cyber physical systems in the context of Industry 4.0}},
    year = {2014},
    journal = {2014 IEEE Automation, Quality and Testing, Robotics},
    author = {Jazdi, N},
    isbn = {978-1-4799-3732-5},
    doi = {10.1109/AQTR.2014.6857843},
    issn = {1844-7872},
    keywords = {CPS, Cloud Technology, Industry 4.0, Internet of Things}
}

@inproceedings{Monostori2014Cyber-physicalChallenges,
    title = {{Cyber-physical production systems: Roots, expectations and R{\&}D challenges}},
    year = {2014},
    booktitle = {Procedia CIRP},
    author = {Monostori, László},
    isbn = {2212-8271},
    doi = {10.1016/j.procir.2014.03.115},
    issn = {22128271},
    keywords = {Cyber-physical systems, Distributed systems, Manufacturing systems}
}

@book{Leitao2015IndustrialIndustry,
    title = {{Industrial Agents: Emerging Applications of Software Agents in Industry}},
    year = {2015},
    booktitle = {Industrial Agents: Emerging Applications of Software Agents in Industry},
    author = {Leit{\~{a}}o, Paulo and Karnouskos, Stamatis},
    isbn = {9780128004111},
    doi = {10.1016/C2013-0-15269-5}
}

@article{Pedersen2016RobotDeploymentb,
    title = {{Robot skills for manufacturing: From concept to industrial deployment}},
    year = {2016},
    journal = {Robotics and Computer-Integrated Manufacturing},
    author = {Pedersen, Mikkel Rath and Nalpantidis, Lazaros and Andersen, Rasmus Skovgaard and Schou, Casper and B{\o}gh, Simon and Kr{\"{u}}ger, Volker and Madsen, Ole},
    isbn = {0736-5845},
    doi = {10.1016/j.rcim.2015.04.002},
    issn = {07365845},
    keywords = {Automated production, Human-Robot interaction, Industrial robots, Mass customization, Robot skills}
}

@inproceedings{Stock2016Opportunities4.0b,
    title = {{Opportunities of Sustainable Manufacturing in Industry 4.0}},
    year = {2016},
    booktitle = {Procedia CIRP},
    author = {Stock, T. and Seliger, G.},
    isbn = {22128271 (ISSN)},
    doi = {10.1016/j.procir.2016.01.129},
    issn = {22128271},
    keywords = {Factory, Industry 4.0, Sustainable development}
}

@misc{2018RobotRobotics.,
    title = {{Robot density rises globally - International Federation of Robotics.}},
    year = {2018},
    booktitle = {International Federation of Robotics},
    url = {https://ifr.org/ifr-press-releases/news/robot-density-rises-globally}
}

@misc{2018EnterFactories,
    title = {{Enter the robots: automation fills gaps in east Europe's factories}},
    year = {2018},
    booktitle = {Business {\&} Financial News, U.S {\&} International Breaking News | Reuters},
    url = {https://www.reuters.com/article/us-easteurope-automation-insight/enter-the-robots-automation-fills-gaps-in-east-europes-factories-idUSKBN1FR1ZK}
}

@article{Kang2016SmartDirectionsb,
    title = {{Smart manufacturing: Past research, present findings, and future directions}},
    year = {2016},
    journal = {International Journal of Precision Engineering and Manufacturing - Green Technology},
    author = {Kang, Hyoung Seok and Lee, Ju Yeon and Choi, Sangsu and Kim, Hyun and Park, Jun Hee and Son, Ji Yeon and Kim, Bo Hyun and Noh, Sang Do},
    isbn = {2288-6206},
    doi = {10.1007/s40684-016-0015-5},
    issn = {21980810},
    keywords = {Big Data, Cyber-Physical System, Industry 4.0, Internet of Things, Smart Factory, Smart Manufacturing}
}

@inproceedings{MonostoriLaszlo2014Cyber-physicalChallenges,
    title = {{Cyber-physical production systems: Roots, expectations and R{\&}amp;D challenges}},
    year = {2014},
    booktitle = {Procedia CIRP},
    author = {{Monostori Laszlo}},
    keywords = {Cyber-physical systems, Distributed systems, Manufacturing systems}
}

@incollection{Karnouskos2015IndustrialCybersecurity,
    title = {{Industrial Agents Cybersecurity}},
    year = {2015},
    booktitle = {Industrial Agents: Emerging Applications of Software Agents in Industry},
    author = {Karnouskos, Stamatis},
    isbn = {9780128004111},
    doi = {10.1016/B978-0-12-800341-1.00006-1},
    keywords = {Cyber-physical systems, Cybersecurity, Industrial agents, Industrial requirements, Security threats, Technology trends}
}

@article{Zhu2014RobustSystems,
    title = {{Robust homogenization and consensus of nonlinear multi-agent systems}},
    year = {2014},
    journal = {Systems and Control Letters},
    author = {Zhu, Lijun and Chen, Zhiyong},
    isbn = {0167-6911},
    doi = {10.1016/j.sysconle.2013.12.007},
    issn = {01676911},
    keywords = {Cooperative control, Heterogeneous systems, Multi-agent systems, Nonlinear systems, Robust control}
}

@article{Liu2013Multi-robotConstraints,
    title = {{Multi-robot coordination in complex environment with task and communication constraints}},
    year = {2013},
    journal = {International Journal of Advanced Robotic Systems},
    author = {Liu, Yabo and Yang, Jianhua and Zheng, Yao and Wu, Zhaohui and Yao, Min},
    isbn = {1729-8806},
    doi = {10.5772/54379},
    issn = {17298806},
    keywords = {Coordination and cooperation, Multi-robot system, Task allocation}
}

@article{Lasi2014Industry4.0,
    title = {{Industry 4.0}},
    year = {2014},
    journal = {Business and Information Systems Engineering},
    author = {Lasi, Heiner and Fettke, Peter and Kemper, Hans Georg and Feld, Thomas and Hoffmann, Michael},
    isbn = {0949-0205},
    doi = {10.1007/s12599-014-0334-4},
    issn = {18670202},
    pmid = {1556941973},
    arxivId = {arXiv:1011.1669v3}
}

@article{Schmitt2015CentralizationDisruptionsb,
    title = {{Centralization versus decentralization: Risk pooling, risk diversification, and supply chain disruptions}},
    year = {2015},
    journal = {Omega (United Kingdom)},
    author = {Schmitt, Amanda J. and Sun, Siyuan Anthony and Snyder, Lawrence V. and Shen, Zuo Jun Max},
    isbn = {03050483},
    doi = {10.1016/j.omega.2014.06.002},
    issn = {03050483},
    pmid = {404},
    arxivId = {arXiv:1301.2609v5},
    keywords = {Inventory control, Risk, Supply chain disruptions}
}

@article{Khajavi2014AdditiveChain,
    title = {{Additive manufacturing in the spare parts supply chain}},
    year = {2014},
    journal = {Computers in Industry},
    author = {Khajavi, Siavash H. and Partanen, Jouni and Holmstr{\"{o}}m, Jan},
    isbn = {0166-3615; 1872-6194},
    doi = {10.1016/j.compind.2013.07.008},
    issn = {01663615},
    pmid = {70361685},
    keywords = {Additive manufacturing, Aerospace industry, Distributed production, Spare parts supply chain}
}

@inproceedings{DeGennaro2006DecentralizedSystemsb,
    title = {{Decentralized Control of Connectivity for Multi-Agent Systems}},
    year = {2006},
    booktitle = {Proceedings of the 45th IEEE Conference on Decision and Control},
    author = {De Gennaro, Maria Carmela and Jadbabaie, Ali},
    isbn = {1-4244-0171-2},
    doi = {10.1109/CDC.2006.377041},
    issn = {01912216}
}

@article{Roio2013BitcoinMoney,
    title = {{Bitcoin, the end of the Taboo on Money}},
    year = {2013},
    journal = {Dyne.org Digital Press},
    author = {Roio, Denis Jaromil},
    keywords = {bitcoin, community, crypto, currency, digital, network, technoetic}
}

@misc{Kelion2015CouldThemselves,
    title = {{Could driverless cars own themselves?}},
    year = {2015},
    booktitle = {BBC News},
    author = {Kelion, Leo},
    url = {http://www.bbc.com/news/technology-30998361}
}

@article{Buterin2014EthereumPlatformb,
    title = {{Ethereum White Paper: A Next Generation Smart Contract {\&} Decentralized Application Platform}},
    year = {2014},
    journal = {Etherum},
    author = {{Buterin} and {Vitalik}},
    isbn = {4082821600}
}

@article{Robinson1963CyberneticsMachine,
    title = {{Cybernetics, or Control and Communication in the Animal and the Machine}},
    year = {1963},
    journal = {Technometrics},
    author = {Robinson, Enders A.},
    isbn = {9780262730099},
    doi = {10.1080/00401706.1963.10490065},
    issn = {15372723},
    pmid = {5320264},
    arxivId = {arXiv:1011.1669v3}
}

@article{Wiener1961CyberneticsEd,
    title = {{Cybernetics : Control and Communication in the Animal and the Machine --2nd. ed}},
    year = {1961},
    journal = {212 p. Cambridge, Mass.: The MIT press, 1961. includes index},
    author = {Wiener, Norbert},
    isbn = {9780262730099}
}

@article{1975.,
    title = {{Макроэкономические модели и принципы построения ОГАС.}},
    year = {1975},
    author = {{Глушков Виктор}}
}

@article{Coase1937TheFirm,
    title = {{The Nature of the Firm}},
    year = {1937},
    journal = {Economica},
    author = {Coase, R. H.},
    isbn = {1468-0335},
    doi = {10.1111/j.1468-0335.1937.tb00002.x},
    issn = {14680335},
    pmid = {8609990},
    arxivId = {arXiv:1011.1669v3}
}

@article{Benet2014IPFSSystem,
    title = {{IPFS -Content Addressed, Versioned, P2P File System}},
    year = {2014},
    journal = {arXiv preprint arXiv:1407.3561},
    author = {Benet, Juan},
    isbn = {9781424418909},
    doi = {10.1109/ICPADS.2007.4447808},
    issn = {15219097},
    arxivId = {arXiv:1407.3561v1}
}

@article{Quigley2009ROS:System,
    title = {{ROS: an open-source Robot Operating System}},
    year = {2009},
    journal = {Icra},
    author = {Quigley, Morgan and Conley, Ken and Gerkey, Brian and Faust, Josh and Foote, Tully and Leibs, Jeremy and Berger, Eric and Wheeler, Rob and Mg, Andrew},
    doi = {http://www.willowgarage.com/papers/ros-open-source-robot-operating-system},
    pmid = {8844323},
    arxivId = {1106.4561}
}

@article{N.N.2016BuildApplication,
    title = {{Build unstoppable application}},
    year = {2016},
    journal = {Ethereum Foundation},
    author = {{N.N.}}
}

@article{Dolstra2010NixOS:Distribution,
    title = {{NixOS: A purely functional Linux distribution}},
    year = {2010},
    journal = {Journal of Functional Programming},
    author = {Dolstra, Eelco and L{\"{o}}h, Andres and Pierron, Nicolas},
    isbn = {9781595939197},
    doi = {10.1017/S0956796810000195},
    issn = {09567968}
}

@misc{2017,
    title = {{Как мы учим умные фабрики быть отзывчивыми с помощью протокола робономики}},
    year = {2017},
    author = {{Лоншаков Сергей}},
    url = {http://ensrationis.com/smart-factory-and-capital/}
}

@book{SergienkoIvan2014TopicalGlushkov,
    title = {{Topical directions of informatics: in memory of V. M. Glushkov}},
    year = {2014},
    booktitle = {Springer optimization and its applications},
    author = {{Sergienko Ivan}},
    keywords = {Computer science.}
}

@misc{LonshakovSergey2017HowProtocol,
    title = {{How do we teach smart factories to be responsive using robonomics protocol}},
    year = {2017},
    author = {{Lonshakov Sergey}},
    url = {https://blog.aira.life/how-do-we-teach-smart-factories-to-be-responsive-using-robonomics-protocol-79dc4f75b192}
}
